<?xml version="1.0" encoding="UTF-8"?><record xmlns="http://www.loc.gov/MARC21/slim" xmlns:cinclude="http://apache.org/cocoon/include/1.0" xmlns:zs="http://www.loc.gov/zing/srw/">
  <leader>00550cz  a2200133n  4500</leader>
  <controlfield tag="001">n  91103202 </controlfield>
  <controlfield tag="003">DLC</controlfield>
  <controlfield tag="005">20120814080001.0</controlfield>
  <controlfield tag="008">911009n| acannaab           |n ana      </controlfield>
  <datafield tag="010" ind1=" " ind2=" ">
    <subfield code="a">n  91103202 </subfield>
  </datafield>
  <datafield tag="040" ind1=" " ind2=" ">
    <subfield code="a">DLC</subfield>
    <subfield code="b">eng</subfield>
    <subfield code="c">DLC</subfield>
    <subfield code="d">DLC</subfield>
  </datafield>
  <datafield tag="111" ind1="2" ind2=" ">
    <subfield code="a">Great Lakes Computer Science Conference</subfield>
  </datafield>
  <datafield tag="667" ind1=" " ind2=" ">
    <subfield code="a">THIS 1XX FIELD CANNOT BE USED UNDER RDA UNTIL THIS RECORD HAS BEEN REVIEWED AND/OR UPDATED</subfield>
  </datafield>
  <datafield tag="670" ind1=" " ind2=" ">
    <subfield code="a">Its (1st : 1989 : Kalamazoo, Mich.). Computing in the 90's, c1991:</subfield>
    <subfield code="b">t.p. (First Great Lakes Computer Science Conference, Kalamazoo, Michigan, USA, Oct. 1989)</subfield>
  </datafield>
</record>